<?xml version="1.0" encoding="UTF-8"?><collection xmlns="http://www.loc.gov/MARC21/slim"><record><leader>00441nam--2200145-i-4500</leader><controlfield tag="001">000019482</controlfield><controlfield tag="002">20161230</controlfield><controlfield tag="005">20161230201033</controlfield><controlfield tag="008">060222s1000------------r-----000-0-eng-d</controlfield><datafield ind1=" " ind2=" " tag="080"><subfield code="a">62-52</subfield></datafield><datafield ind1=" " ind2=" " tag="100"><subfield code="a">Fossard, Andre</subfield></datafield><datafield ind1=" " ind2=" " tag="245"><subfield code="a">Commande des systemes multidimensionnels. avec la collaboration de c.gueguen. preface de jean-charles gille</subfield></datafield><datafield ind1=" " ind2=" " tag="260"><subfield code="a">Paris, Dunod, 1972. Xvii + 350 P</subfield></datafield><datafield ind1=" " ind2=" " tag="490"><subfield code="a">Techniques De L Automatisme</subfield></datafield><datafield ind1=" " ind2=" " tag="852"><subfield code="a">40912</subfield></datafield></record></collection>